<record><leader>00000cas a22000007  4500</leader><controlfield tag="001">5081297</controlfield><controlfield tag="008">790619u1uuuuuuumauwr ne      0   a0eng d</controlfield><controlfield tag="009">467</controlfield><datafield ind1=" " ind2=" " tag="010"><subfield code="a">sn 79003073 </subfield></datafield><datafield ind1=" " ind2=" " tag="040"><subfield code="a">NSD</subfield><subfield code="b">eng</subfield><subfield code="c">NSD</subfield><subfield code="d">OCLCQ</subfield></datafield><datafield ind1=" " ind2=" " tag="012"><subfield code="j">0</subfield><subfield code="k">1</subfield><subfield code="m">1</subfield></datafield><datafield ind1="1" ind2=" " tag="022"><subfield code="a">0192-4869</subfield><subfield code="l">0192-4869</subfield><subfield code="2">1</subfield></datafield><datafield ind1="1" ind2=" " tag="029"><subfield code="a">AU@</subfield><subfield code="b">000025800502</subfield></datafield><datafield ind1=" " ind2=" " tag="032"><subfield code="a">503940</subfield><subfield code="b">USPS</subfield></datafield><datafield ind1=" " ind2=" " tag="042"><subfield code="a">nsdp</subfield></datafield><datafield ind1=" " ind2="0" tag="222"><subfield code="a">South Shore news</subfield><subfield code="b">(West Hanover, Mass.)</subfield></datafield><datafield ind1="0" ind2="0" tag="245"><subfield code="a">South Shore news.</subfield></datafield><datafield ind1=" " ind2=" " tag="260"><subfield code="a">West Hanover, Mass.,</subfield><subfield code="b">South Shore News.</subfield></datafield><datafield ind1=" " ind2=" " tag="300"><subfield code="a">v.</subfield></datafield><datafield ind1=" " ind2=" " tag="752"><subfield code="a">United States</subfield><subfield code="b">Massachusetts</subfield><subfield code="c">Plymouth</subfield><subfield code="d">West Hanover.</subfield></datafield></record>